<?xml version = "1.0" encoding = "UTF-8"?><record>
  <leader>01730cam#a2200517#c#4500</leader>
  <controlfield tag="005">20210409122431.0</controlfield>
  <controlfield tag="007">tu</controlfield>
  <controlfield tag="008">151019|2015####gw############|||#|#ger#c</controlfield>
  <controlfield tag="003">DE-605</controlfield>
  <controlfield tag="001">990209525580206441</controlfield>
  <datafield tag="015" ind1=" " ind2=" ">
    <subfield code="a">15,A42</subfield>
    <subfield code="z">15,N19</subfield>
    <subfield code="2">dnb</subfield>
  </datafield>
  <datafield tag="016" ind1="7" ind2=" ">
    <subfield code="a">908646047</subfield>
    <subfield code="2">OCoLC</subfield>
  </datafield>
  <datafield tag="016" ind1="7" ind2=" ">
    <subfield code="a">1070356913</subfield>
    <subfield code="2">DE-101b</subfield>
  </datafield>
  <datafield tag="020" ind1=" " ind2=" ">
    <subfield code="a">9783522304146</subfield>
    <subfield code="c">Festeinband : EUR 5.99 (DE), EUR 6.20 (AT), sfr 8.90 (freier Pr.)</subfield>
    <subfield code="9">978-3-522-30414-6</subfield>
    <subfield code="0">(uri) http://www.isbnsearch.org/isbn/9783522304146</subfield>
  </datafield>
  <datafield tag="020" ind1=" " ind2=" ">
    <subfield code="a">3522304144</subfield>
    <subfield code="9">3-522-30414-4</subfield>
    <subfield code="0">(uri) http://www.isbnsearch.org/isbn/3522304144</subfield>
  </datafield>
  <datafield tag="024" ind1="3" ind2=" ">
    <subfield code="a">9783522304146</subfield>
    <subfield code="0">(uri) http://www.isbnsearch.org/isbn/9783522304146</subfield>
  </datafield>
  <datafield tag="035" ind1=" " ind2=" ">
    <subfield code="a">(DE-605)HT018782520</subfield>
  </datafield>
  <datafield tag="040" ind1=" " ind2=" ">
    <subfield code="a">Kn 28</subfield>
    <subfield code="b">ger</subfield>
    <subfield code="c">DNB</subfield>
    <subfield code="d">Kn 28</subfield>
    <subfield code="e">rda</subfield>
  </datafield>
  <datafield tag="041" ind1=" " ind2=" ">
    <subfield code="a">ger</subfield>
  </datafield>
  <datafield tag="044" ind1=" " ind2=" ">
    <subfield code="c">XA-DE-BW</subfield>
  </datafield>
  <datafield tag="084" ind1=" " ind2=" ">
    <subfield code="a">K</subfield>
    <subfield code="a">230</subfield>
    <subfield code="q">DE-101</subfield>
    <subfield code="2">sdnb</subfield>
  </datafield>
  <datafield tag="100" ind1="1" ind2=" ">
    <subfield code="a">Beutler, D&#246;rte</subfield>
    <subfield code="0">(DE-588)1057040282</subfield>
    <subfield code="4">aut</subfield>
    <subfield code="0">(uri) https://portal.dnb.de/opac.htm?method=simpleSearch&amp;cqlMode=true&amp;query=idn=1057040282</subfield>
    <subfield code="0">(uri) http://viaf.org/viaf/sourceID/DNB|1057040282</subfield>
    <subfield code="B">GND-1057040282</subfield>
  </datafield>
  <datafield tag="245" ind1="1" ind2="0">
    <subfield code="a">&lt;&lt;Die&gt;&gt; Geschichte vom heiligen Nikolaus</subfield>
    <subfield code="c">nacherz&#228;hlt von D&#246;rte Beutler ; illustriert von Michaela Heitmann</subfield>
  </datafield>
  <datafield tag="264" ind1=" " ind2="1">
    <subfield code="a">Stuttgart</subfield>
    <subfield code="b">Gabriel</subfield>
    <subfield code="c">[2015]</subfield>
  </datafield>
  <datafield tag="300" ind1=" " ind2=" ">
    <subfield code="a">circa 32 Seiten</subfield>
    <subfield code="b">Notenbeispiele</subfield>
    <subfield code="c">16 cm</subfield>
  </datafield>
  <datafield tag="336" ind1=" " ind2=" ">
    <subfield code="b">txt</subfield>
  </datafield>
  <datafield tag="336" ind1=" " ind2=" ">
    <subfield code="b">sti</subfield>
  </datafield>
  <datafield tag="337" ind1=" " ind2=" ">
    <subfield code="b">n</subfield>
  </datafield>
  <datafield tag="338" ind1=" " ind2=" ">
    <subfield code="b">nc</subfield>
  </datafield>
  <datafield tag="385" ind1=" " ind2=" ">
    <subfield code="a">Vorschulkind</subfield>
    <subfield code="0">(DE-588)4064017-6</subfield>
  </datafield>
  <datafield tag="653" ind1=" " ind2=" ">
    <subfield code="a">Nikolaus-Lied</subfield>
  </datafield>
  <datafield tag="653" ind1=" " ind2=" ">
    <subfield code="a">Nikolausgeschenk</subfield>
  </datafield>
  <datafield tag="653" ind1=" " ind2=" ">
    <subfield code="a">Nikolausstiefel</subfield>
  </datafield>
  <datafield tag="653" ind1=" " ind2=" ">
    <subfield code="a">Der heilige Nikolaus</subfield>
  </datafield>
  <datafield tag="653" ind1=" " ind2=" ">
    <subfield code="a">Heilige</subfield>
  </datafield>
  <datafield tag="653" ind1=" " ind2=" ">
    <subfield code="a">Weihnachten</subfield>
  </datafield>
  <datafield tag="653" ind1=" " ind2=" ">
    <subfield code="a">Advent</subfield>
  </datafield>
  <datafield tag="655" ind1=" " ind2="7">
    <subfield code="a">Bilderbuch</subfield>
    <subfield code="0">(DE-588)4006604-6</subfield>
    <subfield code="2">gnd-content</subfield>
  </datafield>
  <datafield tag="689" ind1="0" ind2="0">
    <subfield code="a">Nikolaus</subfield>
    <subfield code="c">Heiliger</subfield>
    <subfield code="d">270-343</subfield>
    <subfield code="D">p</subfield>
    <subfield code="0">(DE-588)12918814X</subfield>
    <subfield code="0">(uri) https://portal.dnb.de/opac.htm?method=simpleSearch&amp;cqlMode=true&amp;query=idn=12918814X</subfield>
    <subfield code="0">(uri) http://viaf.org/viaf/sourceID/DNB|12918814X</subfield>
    <subfield code="B">GND-12918814X</subfield>
  </datafield>
  <datafield tag="700" ind1="1" ind2=" ">
    <subfield code="a">Heitmann, Michaela</subfield>
    <subfield code="d">1969-</subfield>
    <subfield code="0">(DE-588)142552739</subfield>
    <subfield code="4">art</subfield>
    <subfield code="0">(uri) https://portal.dnb.de/opac.htm?method=simpleSearch&amp;cqlMode=true&amp;query=idn=142552739</subfield>
    <subfield code="0">(uri) http://viaf.org/viaf/sourceID/DNB|142552739</subfield>
    <subfield code="B">GND-142552739</subfield>
  </datafield>
  <datafield tag="856" ind1="4" ind2="2">
    <subfield code="m">X:MVB</subfield>
    <subfield code="q">text/html</subfield>
    <subfield code="u">http://deposit.d-nb.de/cgi-bin/dokserv?id=5225972&amp;prov=M&amp;dok_var=1&amp;dok_ext=htm</subfield>
    <subfield code="3">Inhaltstext</subfield>
  </datafield>
  <datafield tag="964" ind1="0" ind2="s">
    <subfield code="F">030</subfield>
    <subfield code="A">a||dr||||||17</subfield>
  </datafield>
  <datafield tag="964" ind1="0" ind2="s">
    <subfield code="F">050</subfield>
    <subfield code="A">a|a|||||||||||</subfield>
  </datafield>
  <datafield tag="964" ind1="0" ind2="s">
    <subfield code="F">051</subfield>
    <subfield code="A">m|||||||</subfield>
  </datafield>
  <datafield tag="035" ind1=" " ind2=" ">
    <subfield code="a">(OCoLC)908646047</subfield>
    <subfield code="0">(uri) http://www.worldcat.org/oclc/908646047</subfield>
  </datafield>
  <datafield tag="035" ind1=" " ind2=" ">
    <subfield code="a">(DE-599)DNB1070356913</subfield>
  </datafield>
  <datafield tag="MBD" ind1=" " ind2=" ">
    <subfield code="M">49HBZ_NETWORK</subfield>
    <subfield code="i">990209525580206441</subfield>
    <subfield code="n">HBZ Network</subfield>
  </datafield>
  <datafield tag="MNG" ind1=" " ind2=" ">
    <subfield code="c">System</subfield>
    <subfield code="f">ILS</subfield>
    <subfield code="i">marc21</subfield>
    <subfield code="k">01</subfield>
    <subfield code="e">false</subfield>
    <subfield code="d">2021-04-09 12:24:31 Europe/Berlin</subfield>
    <subfield code="g">020952558-HBZ01</subfield>
    <subfield code="j">50</subfield>
    <subfield code="a">import</subfield>
    <subfield code="b">2021-04-06 00:55:44 Europe/Berlin</subfield>
  </datafield>
  <datafield tag="GPN" ind1="0" ind2=" ">
    <subfield code="a">Mi xia ai la Hai te man</subfield>
    <subfield code="d">1969-</subfield>
    <subfield code="A">GND</subfield>
    <subfield code="B">GND-142552739</subfield>
    <subfield code="C">400</subfield>
  </datafield>
  <datafield tag="GPN" ind1="0" ind2=" ">
    <subfield code="a">Mixiaaila-Haiteman</subfield>
    <subfield code="d">1969-</subfield>
    <subfield code="A">GND</subfield>
    <subfield code="B">GND-142552739</subfield>
    <subfield code="C">400</subfield>
  </datafield>
  <datafield tag="GPN" ind1="1" ind2=" ">
    <subfield code="a">Haiteman, Mixiaaila</subfield>
    <subfield code="d">1969-</subfield>
    <subfield code="A">GND</subfield>
    <subfield code="B">GND-142552739</subfield>
    <subfield code="C">400</subfield>
  </datafield>
  <datafield tag="GSI" ind1="7" ind2=" ">
    <subfield code="a">142552739</subfield>
    <subfield code="0">http://d-nb.info/gnd/142552739</subfield>
    <subfield code="2">gnd</subfield>
    <subfield code="A">GND</subfield>
    <subfield code="B">GND-142552739</subfield>
    <subfield code="C">024</subfield>
  </datafield>
  <datafield tag="GPN" ind1="0" ind2=" ">
    <subfield code="a">Nikolaus</subfield>
    <subfield code="c">von Myra, Heiliger</subfield>
    <subfield code="d">270-343</subfield>
    <subfield code="A">GND</subfield>
    <subfield code="B">GND-12918814X</subfield>
    <subfield code="C">400</subfield>
  </datafield>
  <datafield tag="GPN" ind1="0" ind2=" ">
    <subfield code="a">Nicolaus</subfield>
    <subfield code="c">of Myra, Heiliger</subfield>
    <subfield code="d">270-343</subfield>
    <subfield code="A">GND</subfield>
    <subfield code="B">GND-12918814X</subfield>
    <subfield code="C">400</subfield>
  </datafield>
  <datafield tag="GPN" ind1="0" ind2=" ">
    <subfield code="a">Nicholai</subfield>
    <subfield code="c">of Myra, Heiliger</subfield>
    <subfield code="d">270-343</subfield>
    <subfield code="A">GND</subfield>
    <subfield code="B">GND-12918814X</subfield>
    <subfield code="C">400</subfield>
  </datafield>
  <datafield tag="GPN" ind1="0" ind2=" ">
    <subfield code="a">Nicolas</subfield>
    <subfield code="c">de Myra, Heiliger</subfield>
    <subfield code="d">270-343</subfield>
    <subfield code="A">GND</subfield>
    <subfield code="B">GND-12918814X</subfield>
    <subfield code="C">400</subfield>
  </datafield>
  <datafield tag="GPN" ind1="0" ind2=" ">
    <subfield code="a">Niccolo&#768;</subfield>
    <subfield code="c">di Mirra, Heiliger</subfield>
    <subfield code="d">270-343</subfield>
    <subfield code="A">GND</subfield>
    <subfield code="B">GND-12918814X</subfield>
    <subfield code="C">400</subfield>
  </datafield>
  <datafield tag="GPN" ind1="0" ind2=" ">
    <subfield code="a">Niccolo&#768;</subfield>
    <subfield code="c">di Mira, Heiliger</subfield>
    <subfield code="d">270-343</subfield>
    <subfield code="A">GND</subfield>
    <subfield code="B">GND-12918814X</subfield>
    <subfield code="C">400</subfield>
  </datafield>
  <datafield tag="GPN" ind1="0" ind2=" ">
    <subfield code="a">Nicola</subfield>
    <subfield code="c">di Mira, Heiliger</subfield>
    <subfield code="d">270-343</subfield>
    <subfield code="A">GND</subfield>
    <subfield code="B">GND-12918814X</subfield>
    <subfield code="C">400</subfield>
  </datafield>
  <datafield tag="GPN" ind1="0" ind2=" ">
    <subfield code="a">Niccolo&#768;</subfield>
    <subfield code="c">di Bari, Heiliger</subfield>
    <subfield code="d">270-343</subfield>
    <subfield code="A">GND</subfield>
    <subfield code="B">GND-12918814X</subfield>
    <subfield code="C">400</subfield>
  </datafield>
  <datafield tag="GPN" ind1="0" ind2=" ">
    <subfield code="a">Nikolaus</subfield>
    <subfield code="c">von Bari, Heiliger</subfield>
    <subfield code="d">270-343</subfield>
    <subfield code="A">GND</subfield>
    <subfield code="B">GND-12918814X</subfield>
    <subfield code="C">400</subfield>
  </datafield>
  <datafield tag="GPN" ind1="0" ind2=" ">
    <subfield code="a">Nicolaus</subfield>
    <subfield code="c">di Bari, Heiliger</subfield>
    <subfield code="d">270-343</subfield>
    <subfield code="A">GND</subfield>
    <subfield code="B">GND-12918814X</subfield>
    <subfield code="C">400</subfield>
  </datafield>
  <datafield tag="GPN" ind1="0" ind2=" ">
    <subfield code="a">Nicolaus</subfield>
    <subfield code="c">von Myra, Heiliger</subfield>
    <subfield code="d">270-343</subfield>
    <subfield code="A">GND</subfield>
    <subfield code="B">GND-12918814X</subfield>
    <subfield code="C">400</subfield>
  </datafield>
  <datafield tag="GPN" ind1="0" ind2=" ">
    <subfield code="a">Nicolaus</subfield>
    <subfield code="c">von Bari, Heiliger</subfield>
    <subfield code="d">270-343</subfield>
    <subfield code="A">GND</subfield>
    <subfield code="B">GND-12918814X</subfield>
    <subfield code="C">400</subfield>
  </datafield>
  <datafield tag="GPN" ind1="0" ind2=" ">
    <subfield code="a">Nikola</subfield>
    <subfield code="c">Sveti</subfield>
    <subfield code="d">270-343</subfield>
    <subfield code="A">GND</subfield>
    <subfield code="B">GND-12918814X</subfield>
    <subfield code="C">400</subfield>
  </datafield>
  <datafield tag="GPN" ind1="0" ind2=" ">
    <subfield code="a">Nikola</subfield>
    <subfield code="c">Sveti C&#780;udotvorac</subfield>
    <subfield code="d">270-343</subfield>
    <subfield code="A">GND</subfield>
    <subfield code="B">GND-12918814X</subfield>
    <subfield code="C">400</subfield>
  </datafield>
  <datafield tag="GPN" ind1="0" ind2=" ">
    <subfield code="a">Sveti Nikola</subfield>
    <subfield code="c">C&#780;udotvorac</subfield>
    <subfield code="d">270-343</subfield>
    <subfield code="A">GND</subfield>
    <subfield code="B">GND-12918814X</subfield>
    <subfield code="C">400</subfield>
  </datafield>
  <datafield tag="GPN" ind1="0" ind2=" ">
    <subfield code="a">Nikola</subfield>
    <subfield code="c">Mirlikijski, Heiliger</subfield>
    <subfield code="d">270-343</subfield>
    <subfield code="A">GND</subfield>
    <subfield code="B">GND-12918814X</subfield>
    <subfield code="C">400</subfield>
  </datafield>
  <datafield tag="GPN" ind1="0" ind2=" ">
    <subfield code="a">Nikola</subfield>
    <subfield code="c">Episkop Mire Likijske, Heiliger</subfield>
    <subfield code="d">270-343</subfield>
    <subfield code="A">GND</subfield>
    <subfield code="B">GND-12918814X</subfield>
    <subfield code="C">400</subfield>
  </datafield>
  <datafield tag="GPN" ind1="0" ind2=" ">
    <subfield code="a">Nikolaos</subfield>
    <subfield code="c">Heiliger</subfield>
    <subfield code="d">270-343</subfield>
    <subfield code="A">GND</subfield>
    <subfield code="B">GND-12918814X</subfield>
    <subfield code="C">400</subfield>
  </datafield>
  <datafield tag="GSI" ind1="7" ind2=" ">
    <subfield code="a">http://d-nb.info/gnd/12918814X</subfield>
    <subfield code="2">uri</subfield>
    <subfield code="A">GND</subfield>
    <subfield code="B">GND-12918814X</subfield>
    <subfield code="C">024</subfield>
  </datafield>
  <datafield tag="GSI" ind1="7" ind2=" ">
    <subfield code="a">http://d-nb.info/gnd/1057040282</subfield>
    <subfield code="2">uri</subfield>
    <subfield code="A">GND</subfield>
    <subfield code="B">GND-1057040282</subfield>
    <subfield code="C">024</subfield>
  </datafield>
</record>